@article{martin1987optimum,
  title={Optimum design of anisotropic sandwich panels with thin faces},
  author={Martin, PMJW},
  journal={Engineering optimization},
  volume={11},
  number={1-2},
  pages={3--12},
  year={1987},
  publisher={Taylor \& Francis}
}


@article{goldberg1988genetic,
  title={Genetic algorithms and machine learning},
  author={Goldberg, David E and Holland, John Henry},
  year={1988},
  publisher={Kluwer Academic Publishers-Plenum Publishers; Kluwer Academic Publishers~…}
}


@incollection{goldberg1991comparative,
  title={A comparative analysis of selection schemes used in genetic algorithms},
  author={Goldberg, David E and Deb, Kalyanmoy},
  booktitle={Foundations of genetic algorithms},
  volume={1},
  pages={69--93},
  year={1991},
  publisher={Elsevier}
}

@article{fang1993design,
  title={Design of composite laminates by a Monte Carlo method},
  author={Fang, Chin and Springer, George S},
  journal={Journal of composite materials},
  volume={27},
  number={7},
  pages={721--753},
  year={1993},
  publisher={Sage Publications Sage CA: Thousand Oaks, CA}
}

@article{riche1993optimization,
  title={Optimization of laminate stacking sequence for buckling load maximization by genetic algorithm},
  author={Riche, Rodolphe Le and Haftka, Raphael T},
  journal={AIAA journal},
  volume={31},
  number={5},
  pages={951--956},
  year={1993}
}


@book{daniel1994engineering,
  title={Engineering mechanics of composite materials},
  author={Daniel, Isaac M and Ishai, Ori and Daniel, Issac M and Daniel, Ishai},
  volume={3},
  year={1994},
  publisher={Oxford university press New York}
}

@article{soeiro1994multilevel,
  title={Multilevel optimization of laminated composite structures},
  author={Soeiro, AV and Ant{\'o}nio, CA Concei{\c{c}}{\~a}o and Marques, A Torres},
  journal={Structural optimization},
  volume={7},
  number={1-2},
  pages={55--60},
  year={1994},
  publisher={Springer}
}
@article{le1995improved,
  title={Improved genetic algorithm for minimum thickness composite laminate design},
  author={Le Riche, R and Haftka, RT},
  journal={Composites Engineering},
  volume={5},
  number={2},
  pages={143--161},
  year={1995},
  publisher={Elsevier}
}

@article{soares1995discrete,
  title={A discrete model for the optimal design of thin composite plate-shell type structures using a two-level approach},
  author={Soares, CM Mota and Correia, V Franco and Mateus, H and Herskovits, J},
  journal={Composite structures},
  volume={30},
  number={2},
  pages={147--157},
  year={1995},
  publisher={Elsevier}
}

@article{houck1995genetic,
  title={A genetic algorithm for function optimization: a Matlab implementation},
  author={Houck, Christopher R and Joines, Jeff and Kay, Michael G},
  journal={Ncsu-ie tr},
  volume={95},
  number={09},
  pages={1--10},
  year={1995}
}

@article{zbigniew1996genetic,
  title={Genetic algorithms+ data structures= evolution programs},
  author={Zbigniew, Michalewicz},
  journal={Computational Statistics},
  pages={372--373},
  year={1996}
}

@article{nagendra1996improved,
  title={Improved genetic algorithm for the design of stiffened composite panels},
  author={Nagendra, Somanath and Jestin, D and G{\"u}rdal, Zafer and Haftka, Raphael T and Watson, Layne T},
  journal={Computers \& Structures},
  volume={58},
  number={3},
  pages={543--555},
  year={1996},
  publisher={Elsevier}
}
@article{todoroki1998stacking,
  title={Stacking sequence optimization by a genetic algorithm with a new recessive gene like repair strategy},
  author={Todoroki, Akira and Haftka, Raphael T},
  journal={Composites Part B: Engineering},
  volume={29},
  number={3},
  pages={277--285},
  year={1998},
  publisher={Elsevier}
}

@article{abu1998optimum,
  title={Optimum design of composite plates using response surface method},
  author={Abu-Odeh, Akram Y and Jones, Harry L},
  journal={Composite structures},
  volume={43},
  number={3},
  pages={233--242},
  year={1998},
  publisher={Elsevier}
}


@article{sadagopan1998application,
  title={Application of genetic algorithms to optimal tailoring of composite materials},
  author={Sadagopan, D and Pitchumani, R},
  journal={Composites Science and Technology},
  volume={58},
  number={3-4},
  pages={571--589},
  year={1998},
  publisher={Elsevier}
}

@article{sivakumar1998optimum,
  title={Optimum design of laminated composite plates with cutouts using a genetic algorithm},
  author={Sivakumar, K and Iyengar, NGR and Deb, Kalyanmoy},
  journal={Composite Structures},
  volume={42},
  number={3},
  pages={265--279},
  year={1998},
  publisher={Elsevier}
}

@article{liu2000permutation,
  title={Permutation genetic algorithm for stacking sequence design of composite laminates},
  author={Liu, Boyang and Haftka, Raphael T and Akg{\"u}n, Mehmet A and Todoroki, Akira},
  journal={Computer methods in applied mechanics and engineering},
  volume={186},
  number={2-4},
  pages={357--372},
  year={2000},
  publisher={Elsevier}
}

@article{soremekun2001composite,
  title={Composite laminate design optimization by genetic algorithm with generalized elitist selection},
  author={Soremekun, G and G{\"u}rdal, Z and Haftka, RT and Watson, LT},
  journal={Computers \& structures},
  volume={79},
  number={2},
  pages={131--143},
  year={2001},
  publisher={Elsevier}
}

@article{walker2003technique,
  title={A technique for the multiobjective optimisation of laminated composite structures using genetic algorithms and finite element analysis},
  author={Walker, Mark and Smith, Ryan E},
  journal={Composite structures},
  volume={62},
  number={1},
  pages={123--128},
  year={2003},
  publisher={Elsevier}
}

@article{genlin2004survey,
  title={Survey on genetic algorithm [J]},
  author={Genlin, Ji},
  journal={Computer Applications and Software},
  volume={2},
  number={1},
  pages={69--73},
  year={2004}
}
@article{lin2004stacking,
  title={Stacking sequence optimization of laminated composite structures using genetic algorithm with local improvement},
  author={Lin, Ching-Chieh and Lee, Ya-Jung},
  journal={Composite structures},
  volume={63},
  number={3-4},
  pages={339--345},
  year={2004},
  publisher={Elsevier}
}

@article{kang2005minimum,
  title={Minimum-weight design of compressively loaded composite plates and stiffened panels for postbuckling strength by genetic algorithm},
  author={Kang, Ji-Ho and Kim, Chun-Gon},
  journal={Composite structures},
  volume={69},
  number={2},
  pages={239--246},
  year={2005},
  publisher={Elsevier}
}

@article{deka2005multiobjective,
  title={Multiobjective optimization of laminated composites using finite element method and genetic algorithm},
  author={Deka, Dhyan Jyoti and Sandeep, G and Chakraborty, D and Dutta, A},
  journal={Journal of reinforced plastics and composites},
  volume={24},
  number={3},
  pages={273--285},
  year={2005},
  publisher={Sage Publications Sage CA: Thousand Oaks, CA}
}

@misc{autarkaw,
  title={Kaw, 2006 “Mechanics of Composite Materials”},
  author={Autar, K},
  publisher={Taylor and Francis Group, LLC}
}

	
@article{pelletier2006multi,
  title={Multi-objective optimization of fiber reinforced composite laminates for strength, stiffness and minimal mass},
  author={Pelletier, Jacob L and Vel, Senthil S},
  journal={Computers \& structures},
  volume={84},
  number={29-30},
  pages={2065--2080},
  year={2006},
  publisher={Elsevier}
}

@article{murugan2007target,
  title={Target vector optimization of composite box beam using real-coded genetic algorithm: a decomposition approach},
  author={Murugan, MS and Suresh, S and Ganguli, R and Mani, V},
  journal={Structural and Multidisciplinary Optimization},
  volume={33},
  number={2},
  pages={131--146},
  year={2007},
  publisher={Springer}
}


@article{jadhav2007parametric,
  title={Parametric optimization of grid-stiffened composite panels for maximizing their performance under transverse loading},
  author={Jadhav, Prakash and Mantena, P Raju},
  journal={Composite structures},
  volume={77},
  number={3},
  pages={353--363},
  year={2007},
  publisher={Elsevier}
}

@article{seresta2007optimal,
  title={Optimal design of composite wing structures with blended laminates},
  author={Seresta, Omprakash and G{\"u}rdal, Zafer and Adams, David B and Watson, Layne T},
  journal={Composites Part B: Engineering},
  volume={38},
  number={4},
  pages={469--480},
  year={2007},
  publisher={Elsevier}
}

@article{kim2007development,
  title={Development of a user-friendly expert system for composite laminate design},
  author={Kim, Jung-Seok},
  journal={Composite Structures},
  volume={79},
  number={1},
  pages={76--83},
  year={2007},
  publisher={Elsevier}
}

@article{naik2008design,
  title={Design optimization of composites using genetic algorithms and failure mechanism based failure criterion},
  author={Naik, G Narayana and Gopalakrishnan, S and Ganguli, Ranjan},
  journal={Composite Structures},
  volume={83},
  number={4},
  pages={354--367},
  year={2008},
  publisher={Elsevier}
}

@article{park2008improved,
  title={Improved genetic algorithm for multidisciplinary optimization of composite laminates},
  author={Park, Chung Hae and Lee, Woo Il and Han, Woo Suck and Vautrin, Alain},
  journal={Computers \& structures},
  volume={86},
  number={19-20},
  pages={1894--1903},
  year={2008},
  publisher={Elsevier}
}

@article{omkar2008artificial,
  title={Artificial immune system for multi-objective design optimization of composite structures},
  author={Omkar, SN and Khandelwal, Rahul and Yathindra, Santhosh and Naik, G Narayana and Gopalakrishnan, S},
  journal={Engineering Applications of Artificial Intelligence},
  volume={21},
  number={8},
  pages={1416--1429},
  year={2008},
  publisher={Elsevier}
}

@article{akbulut2008optimum,
  title={Optimum design of composite laminates for minimum thickness},
  author={Akbulut, Mustafa and Sonmez, Fazil O},
  journal={Computers \& Structures},
  volume={86},
  number={21-22},
  pages={1974--1982},
  year={2008},
  publisher={Elsevier}
}

@article{akbulut2011design,
  title={Design optimization of laminated composites using a new variant of simulated annealing},
  author={Akbulut, Mustafa and Sonmez, Fazil O},
  journal={Computers \& structures},
  volume={89},
  number={17-18},
  pages={1712--1724},
  year={2011},
  publisher={Elsevier}
}

@inproceedings{semenkin2012self,
  title={Self-configuring genetic algorithm with modified uniform crossover operator},
  author={Semenkin, Eugene and Semenkina, Maria},
  booktitle={International Conference in Swarm Intelligence},
  pages={414--421},
  year={2012},
  organization={Springer}
}

@article{chen2014simulating,
  title={Simulating progressive failure of composite laminates including in-ply and delamination damage effects},
  author={Chen, Jing-Fen and Morozov, Evgeny V and Shankar, Krishnakumar},
  journal={Composites Part A: Applied Science and Manufacturing},
  volume={61},
  pages={185--200},
  year={2014},
  publisher={Elsevier}
}

@article{taetragool2017stacking,
  title={Stacking sequence optimization for maximizing the first failure initiation load followed by progressive failure analysis until the ultimate load},
  author={Taetragool, U and Shah, PH and Halls, VA and Zheng, JQ and Batra, RC},
  journal={Composite Structures},
  volume={180},
  pages={1007--1021},
  year={2017},
  publisher={Elsevier}
}


@incollection{mirjalili2019genetic,
  title={Genetic algorithm},
  author={Mirjalili, Seyedali},
  booktitle={Evolutionary algorithms and neural networks},
  pages={43--55},
  year={2019},
  publisher={Springer}
}
@article{choudhury2019failure,
  title={Failure analysis of laminated composite plate under hygro-thermo mechanical load and optimisation},
  author={Choudhury, A and Mondal, SC and Sarkar, S},
  journal={International Journal of Applied Mechanics and Engineering},
  volume={24},
  number={3},
  pages={509--526},
  year={2019},
  publisher={Sciendo}
} 

@article{gholami2020multi,
  title={Multi-objective optimal structural design of composite superstructure using a novel MONMPSO algorithm},
  author={Gholami, Meghdad and Fathi, Alireza and Baghestani, Ali Mohammad},
  journal={International Journal of Mechanical Sciences},
  pages={106149},
  year={2020},
  publisher={Elsevier}
}

@book{vose1999simple,
  title={The simple genetic algorithm: foundations and theory},
  author={Vose, Michael D},
  year={1999},
  publisher={MIT press}
}


@article{schmit1973optimum,
  author={Schmit, L Aꎬ and Farshi, B},
  journal={International Journal for Numerical Methods in Engineering},
  volume={7},
  number={4},
  pages={519--536},
  year={1973},
  publisher={Wiley Online Library},
  url={https://doi.org/10.1002/nme.1620070410}
}
@article{schmit1977optimum,
  author={Schmit Jr, LA and Farshi, B},
  journal={International journal for numerical methods in engineering},
  volume={11},
  number={4},
  pages={623--640},
  year={1977},
  publisher={Wiley Online Library},
  url={https://doi.org/10.1002/nme.1620110403}
}
@article{fukunaga1991strength,
  author={Fukunaga, Hisao and Vanderplaats, GN},
  journal={Computers \& Structures},
  volume={40},
  number={6},
  pages={1429--1439},
  year={1991},
  publisher={Elsevier},
  url={https://doi.org/10.1016/0045-7949(91)90413-G}
}

@article{callahan1992optimum,
  author={Callahan, Kelvin J and Weeks, George E},
  journal={Composites Engineering},
  volume={2},
  number={3},
  pages={149--160},
  year={1992},
  publisher={Elsevier},
  url={https://doi.org/10.1016/0961-9526(92)90001-M}
}


@article{todoroki1998stacking,
  author={Todoroki, Akira and Haftka, Raphael T},
  journal={Composites Part B: Engineering},
  volume={29},
  number={3},
  pages={277--285},
  year={1998},
  publisher={Elsevier},
  url={https://doi.org/10.1016/S1359-8368(97)00030-9}
}

@article{kogiso1994design,
  author={Kogiso, N and Watson, Layne T and G{\"u}rdal, Zafer and Haftka, Robert T and Nagendra, S},
  journal={MECHANICS OF COMPOSITE MATERIALS AND STRUCTURES An International Journal},
  volume={1},
  number={1},
  pages={95--117},
  year={1994},
  publisher={Taylor \& Francis},
  url={https://doi.org/10.1080/10759419408945823}
}


@article{soares1995discrete,
  author={Soares, CM Mota and Correia, V Franco and Mateus, H and Herskovits, J},
  journal={Composite structures},
  volume={30},
  number={2},
  pages={147--157},
  year={1995},
  publisher={Elsevier},
  url={https://doi.org/10.1016/0263-8223(94)00042-5}
}

@article{le1995improved,
  author={Le Riche, R and Haftka, RT},
  journal={Composites Engineering},
  volume={5},
  number={2},
  pages={143--161},
  year={1995},
  publisher={Elsevier},
  url={https://doi.org/10.1016/0961-9526(95)90710-s}
}

@article{jayatheertha1996application,
  author={Jayatheertha, C and Webber, JPH and Morton, SK},
  journal={Computers \& structures},
  volume={59},
  number={5},
  pages={831--845},
  year={1996},
  publisher={Elsevier},
  url={https://doi.org/10.1016/0045-7949(95)00321-5}
}

@article{wang1996optimum,
  author={Wang, J and Karihaloo, BL},
  journal={Journal of composite materials},
  volume={30},
  number={12},
  pages={1314--1337},
  year={1996},
  publisher={Sage Publications Sage CA: Thousand Oaks, CA},
  url={https://doi.org/10.1177/002199839603001202}
}
@article{adali1997minimum,
  author={Adali, Sarp and Verijenko, Viktor E},
  journal={Composite structures},
  volume={38},
  number={1-4},
  pages={623--630},
  year={1997},
  publisher={Elsevier},
  url={https://doi.org/10.1016/s0263-8223(97)00100-1}
}

@article{correia1997higher,
  author={Correia, VM Franco and Soares, CM Mota and Soares, CA Mota},
  journal={Composite Structures},
  volume={39},
  number={3-4},
  pages={237--253},
  year={1997},
  publisher={Elsevier},
  url={https://doi.org/10.1016/s0263-8223(97)00118-9}
}

@article{scares1997optimization,
  author={Scares, Crist{\'o}v{\~a}o M Mota and Soares, Carlos A Mota and Correia, Victor M Franco},
  journal={Computer methods in applied mechanics and engineering},
  volume={149},
  number={1-4},
  pages={133--152},
  year={1997},
  publisher={Elsevier},
  url={https://doi.org/10.1016/s0045-7825(97)00066-2}
}

@article{abu1998optimum,
  author={Abu-Odeh, Akram Y and Jones, Harry L},
  journal={Composite structures},
  volume={43},
  number={3},
  pages={233--242},
  year={1998},
  publisher={Elsevier},
  url={https://doi.org/10.1016/s0263-8223(98)00109-3}
}

@article{lombardi1998anti,
  author={Lombardi, Marco and Haftka, Raphael T},
  journal={Computer methods in applied mechanics and engineering},
  volume={157},
  number={1-2},
  pages={19--31},
  year={1998},
  publisher={Elsevier},
  url={https://doi.org/10.1016/s0045-7825(97)00148-5}
}

@article{le1998design,
  author={Le Riche, Rodolphe and Gaudin, Jocelyn},
  journal={Composite Structures},
  volume={41},
  number={2},
  pages={97--111},
  year={1998},
  publisher={Elsevier},
  url={https://doi.org/10.1016/s0263-8223(98)00009-9}
}

@article{sivakumar1998optimum,
  author={Sivakumar, K and Iyengar, NGR and Deb, Kalyanmoy},
  journal={Composite Structures},
  volume={42},
  number={3},
  pages={265--279},
  year={1998},
  publisher={Elsevier},
  url={https://doi.org/10.1016/s0263-8223(98)00072-5}
}

@article{barakat1999use,
  author={Barakat, SA and Abu-Farsakh, GA},
  journal={Composites science and technology},
  volume={59},
  number={12},
  pages={1891--1899},
  year={1999},
  publisher={Elsevier},
  url={https://doi.org/10.1016/s0266-3538(99)00048-2}
}

@article{richard2000reliability,
  author={Richard, F and Perreux, D},
  journal={Reliability Engineering \& System Safety},
  volume={68},
  number={1},
  pages={53--59},
  year={2000},
  publisher={Elsevier},
  url={https://doi.org/10.1016/s0951-8320(00)00002-8}
}

@article{moita2000sensitivity,
  author={Moita, JS and Barbosa, J Infante and Soares, CM Mota and Soares, CA Mota},
  journal={Computers \& Structures},
  volume={76},
  number={1-3},
  pages={407--420},
  year={2000},
  publisher={Elsevier},
  url={https://doi.org/10.1016/s0045-7949(99)00164-9}
}
@article{park2001stacking,
  author={Park, JH and Hwang, JH and Lee, CS and Hwang, W},
  journal={Composite Structures},
  volume={52},
  number={2},
  pages={217--231},
  year={2001},
  publisher={Elsevier},
  url={https://doi.org/10.1016/s0263-8223(00)00170-7}
}

@article{soremekun2001composite,
  author={Soremekun, G and G{\"u}rdal, Z and Haftka, RT and Watson, LT},
  journal={Computers \& structures},
  volume={79},
  number={2},
  pages={131--143},
  year={2001},
  publisher={Elsevier},
  url={https://doi.org/10.1016/s0045-7949(00)00125-5}
}

@article{walker2003technique,
  author={Walker, Mark and Smith, Ryan E},
  journal={Composite structures},
  volume={62},
  number={1},
  pages={123--128},
  year={2003},
  publisher={Elsevier},
  url={https://doi.org/10.1016/s0263-8223(03)00098-9}
}

@article{di2003multiconstrained,
  author={Di Sciuva, M and Gherlone, M and Lomario, D},
  journal={Composite Structures},
  volume={59},
  number={1},
  pages={149--154},
  year={2003},
  publisher={Elsevier},
  url={https://doi.org/10.1016/s0263-8223(02)00132-0}
}
@article{kere2003using,
  author={Kere, Petri and Lyly, Mikko and Koski, Juhani},
  journal={Composite Structures},
  volume={62},
  number={3-4},
  pages={329--333},
  year={2003},
  publisher={Elsevier},
  url={https://doi.org/10.1016/j.compstruct.2003.09.032}
}

@article{kang2005minimum,
  author={Kang, Ji-Ho and Kim, Chun-Gon},
  journal={Composite structures},
  volume={69},
  number={2},
  pages={239--246},
  year={2005},
  publisher={Elsevier},
  url={https://doi.org/10.1016/j.compstruct.2004.07.001}
}
 
@article{deka2005multiobjective,
  author={Deka, Dhyan Jyoti and Sandeep, G and Chakraborty, D and Dutta, A},
  journal={Journal of reinforced plastics and composites},
  volume={24},
  number={3},
  pages={273--285},
  year={2005},
  publisher={Sage Publications Sage CA: Thousand Oaks, CA},
  url={https://doi.org/10.1177/0731684405043555}
}
@article{pelletier2006multi,
  author={Pelletier, Jacob L and Vel, Senthil S},
  journal={Computers \& structures},
  volume={84},
  number={29-30},
  pages={2065--2080},
  year={2006},
  publisher={Elsevier},
  url={https://doi.org/10.1016/j.compstruc.2006.06.001}
}

@article{jadhav2007parametric,
  author={Jadhav, Prakash and Mantena, P Raju},
  journal={Composite structures},
  volume={77},
  number={3},
  pages={353--363},
  year={2007},
  publisher={Elsevier},
  url={https://doi.org/10.1016/j.compstruct.2005.07.015}
}
@article{kim2007development,
  author={Kim, Jung-Seok},
  journal={Composite Structures},
  volume={79},
  number={1},
  pages={76--83},
  year={2007},
  publisher={Elsevier},
  url={https://doi.org/10.1016/j.compstruct.2005.11.030}
}
@article{park2008improved,
  author={Park, Chung Hae and Lee, Woo Il and Han, Woo Suck and Vautrin, Alain},
  journal={Computers \& structures},
  volume={86},
  number={19-20},
  pages={1894--1903},
  year={2008},
  publisher={Elsevier},
  url={https://doi.org/10.1016/j.compstruc.2008.03.001}
}
@article{akbulut2008optimum,
  author={Akbulut, Mustafa and Sonmez, Fazil O},
  journal={Computers \& Structures},
  volume={86},
  number={21-22},
  pages={1974--1982},
  year={2008},
  publisher={Elsevier},
  url={https://doi.org/10.1016/j.compstruc.2008.05.003}
}
@article{aymerich2006ant,
  author={Aymerich, Francesco and Serra, Mauro},
  year={2006},
  url={https://doi.org/10.14793/cds_etd.2}
}
